% This file was created with JabRef 2.10.
% Encoding: UTF8


@Manual{beamer:manual,
  Title                    = {{The \textsc{beamer} \emph{class}}},
  Author                   = {Tantau, Till and Wright, Joseph and Mileti\'{c}, Vedran},
  Note                     = {Online: \url{http://mirrors.ctan.org/macros/latex/contrib/beamer/doc/beameruserguide.pdf}},

  Url                      = {http://mirrors.ctan.org/macros/latex/contrib/beamer/doc/beameruserguide.pdf}
}

